3759 5342
432 321 513 408 37²

343 440 747 583 «Alexandrini,
788 467 876 548 aut
917 432 1193 549 Laflantii
1217 427 1503 575 Firmiani,
1543 469 1632 556 aut
1674 446 1729 553 S.

368 601 611 754 Prosperi
654 596 937 752 Aquitani,
977 626 1064 706 aut
1104 596 1343 705 Severini·
1377 594 1545 704 Boetii
1578 629 1727 736 ‚''aut

363 749 667 870 'Ca‘ffiodori
700 840 716 897 ‚
756 783 861 867 aut·
884 756 1100 912 Evagrii
1129 751 1537 906 Epiphanienfis
1568 839 1584 894 ,
1614 786 1725 865 -aut

369 902 600 1070 plurium
643 916 870 1027 aliorum
910 913 1069 1067 (qut
1095 953 1276 1022 omnes
1316 908 1376 1021 de
1412 909 1729 1068 Ecclesiasti-¹

373 1077 447 1183 cis
489 1072 635 1184 rebus
691 1075 747 1184 in
797 1071 1000 1214 nullum
1056 1067 1153 1223 ipsi
1193 1070 1424 1181 Ecclesia
1481 1074 1726 1184 ordinem

371 1234 601 1384 cooptati
645 1228 790 1342 libris
830 1229 965 1372 suis,
1006 1230 1289 1340 luculenter
1331 1228 1563 1379 scriptia,
1602 1271 1723 1390 ege-

355 1399 544 1527 runt)
581 1391 822 1544 exempla
862 1388 918 1498 in
958 1388 1193 1499 medium
1233 1387 1499 1497 afferemus
1526 1470 1539 1496 .
1567 1429 1570 1442 ·
1595 1395 1724 1498 Pro-

368 1537 520 1701 piora
562 1549 729 1704 igitur
769 1547 823 1660 dt
865 1547 996 1656 locis
1024 1544 1412 1697 &temporibus
1428 1544 1725 1686 videamus.

386 1717 392 1786 ’-
452 1705 635 1813 Nullis
676 1703 1012 1815 Eccleliastici
1055 1701 1254 1816 ordinis
1289 1699 1447 1813 'sacris
1485 1707 1722 1817 initiatos

370 1860 514 1971 fuillc
556 1860 753 1973 constat
796 1863 921 1971 duos
963 1864 1131 2006 illos,
1184 1862 1547 1972 Ecclefiasticis
1587 1898 1726 1977 certe

349 2019 718 2172 ¹Scriptoribus
784 2005 1174 2162 aceensendos‚
1242 2022 1468 2178 insignes
1521 2022 1723 2166 viros,

370 2178 697 2290 Franciscurn
727 2180 966 2291 Mariam
1007 2179 1392 2294 Florentiniurn
1413 2179 1726 2326 lucensem,

368 2332 426 2449 dc
466 2337 774 2492 Philippum
790 2333 1163 2449 Bonarrotiunr
1188 2340 1583 2449 Florentinum.
1628 2349 1724 2451 At-

371 2534 471 2646 que
516 2496 604 2605 ille
648 2497 857 2649 quidem
902 2497 1206 2645 profeffione
1250 2499 1556 2640 Medicus(
1597 2500 1722 2613 telle

369 2654 643 2762 Maraccio
685 2657 740 2763 in
782 2654 998 2765 Biblioth.
1038 2658 1175 2763 Mar.
1218 2659 1288 2763 T.
1317 2663 1354 2765 l.
1398 2697 1515 2811 pag.
1558 2671 1725 2802 420.)

353 2810 526 2944 *ualde
583 2808 869 2962 probandas
925 2816 980 2921 in
1022 2816 1487 2971 Martyrologium
1528 2822 1721 2929 Roma-

358 3006 499 3075 ·num
539 2968 898 3080 adnotationes
941 2970 1241 3123 conscripfit
1274 3006 1424 3130 arque
1451 2978 1722 3133 vulgavit.
1857 3037 1865 3048 ⁸

369 3128 710 3237 Bonarrotius
765 3168 939 3271 vero,
996 3131 1171 3242 Ronrae
1225 3133 1530 3287 aliquandiu
1583 3179 1726 3248 cornu

368 3311 600 3391 moratus
632 3281 964 3441 ‚Nobisque
1006 3329 1096 3439 per
1138 3288 1192 3398 id
1236 3319 1436 3446 tenipus
1479 3300 1726 3455 cognitus

371 3480 428 3548 ac
471 3437 783 3588 familiaris,
824 3454 975 3597 Opus
1015 3445 1130 3555 sane
1173 3450 1495 3566 luculentum
1527 3497 1584 3564 ac
1617 3458 1725 3607 pla-

363 3639 427 3706 ne
470 3602 889 3716 Ecclessasticum
948 3603 1295 3756 composuit,
1351 3644 1504 3768 atque
1562 3615 1730 3724 edidit

354 3751 549 3914 deinde
593 3763 867 3873 Florentiae
927 3804 1066 3874 anno
1111 3784 1249 3909 1716.
1292 3770 1388 3879 hac
1430 3774 1729 3927 inscriptio-

364 3954 428 4021 ne
474 3953 484 4019 :
540 3919 856 4073 Ofleruazioni
887 3921 1021 4073 firpro
1060 3928 1210 4034 alcuni
1242 3926 1499 4081 ftarnmenti
1537 3931 1588 4042 di
1625 3934 1732 4092 oasa

363 4074 530 4181 antichi
570 4075 619 4183 di
655 4109 811 4221 uetro,
852 4087 996 4193 ornati
1035 4080 1083 4192 di
1114 4081 1306 4237 figure,
1346 4100 1518 4205 tenuati
1534 4089 1622 4205 'ne'
1645 4102 1690 4204 C
1692 4103 1730 4204 i-

365 4235 510 4377 anitcrj
551 4233 599 4340 di
638 4237 827 4350 Roma.
1139 4261 1143 4272 ’

1599 4415 1668 4506 Ad
